%%%%%%%%%%%%%%%%%%%%%%%%%%%%%%%%%%%%%%%%%%%%%%%%%%%%%%%%%%%%%%%%%%%%
% To use bibtex, DO NOT use ".tex" extension in command line
% 
% Use the following commands:
% pdflatex file
% bibtex file
% pdflatex file
% pdflatex file
%%%%%%%%%%%%%%%%%%%%%%%%%%%%%%%%%%%%%%%%%%%%%%%%%%%%%%%%%%%%%%%%%%%%

@article{nikolaev1963measurement,
  title={Measurement of the Resonance Parameters for Total Cross Sections of Some Elements in the Energy Region 0.3-2.7 MeV},
  author={Nikolaev, MN and Filippov, VV},
  journal={Atom. Energ},
  volume={6},
  number={6},
  year={1963}
}

@article{sinitsa1973analytical,
  title={Analytical determination of subgroup parameters},
  author={Sinitsa, VV and Nikolaev, MN},
  journal={Sov. At. Energy (Engl. Transl.), v. 35, no. 6, pp. 1129-1131},
  year={1973}
}

@article{stewart1964nongrey,
  title={Non-Grey Radiative Transfer},
  author={Sinitsa, JC},
  journal={J. Quant. Spectrosc. Radiat. Transfer 4, pp. 723-729},
  year={1964}
}

@phdthesis{till2013proposal,
  title={Master of Science Thesis Proposal: A Generalized Multigroup Method},
  author={Till, Andrew Thomas},
  year={2013},
  school={Texas A\&M University}
}

@phdthesis{till2014ms,
  title={A Generalized Multigroup Method},
  author={Till, Andrew Thomas},
  year={2014},
  school={Texas A\&M University}
}

@phdthesis{till2015phd,
  title={Finite Elements with Discontiguous Support for Energy Discretization in Particle Transport},
  author={Till, Andrew Thomas},
  year={2015},
  school={Texas A\&M University}
}

@article{bruss2015bmars,
  title={Construction of a Response Surface for a Reactor-Like Problem with Realistic Cross Section Uncertainties},
  author={Bruss, Donald Eugene},
  journal={Joint International Conference on Mathematics and Computation (M&C), pp. 2270-2286}
  year={2015},
}

@phdthesis{bruss2016phd,
  title={Adjoint-Based Uncertainty Quantification for Neutron Transport Calculations},
  author={Bruss, Donald Eugene},
  year={2016},
  school={Texas A\&M University}
}

@phdthesis{stripling2013phd,
  title={Adjoint-Based Uncertainty Quantification and Sensitivity Analysis for Reactor Depletion Calculations},
  author={Stripling, Hayes F.},
  year={2013},
  school={Texas A\&M University}
}

@techreport{muir2012njoy,
  title={The NJOY Nuclear Data Processing System, Version 2012},
  author={Muir, DW and Boicourt, RM and Kahler, AC},
  year={2012},
  institution={LA-UR-12-27079}
}

@techreport{adams2000pdt,
  title={A General Performance Model for Parallel Sweeps on Orthogonal Grids for Particle Transport Calculations},
  author={Mathis, Mark M., Amato, Nancy M, and Adams, Marvin L.},
  year={2000},
  institution={Department of Computer Science, Texas A\&M University}
}

@techreport{goorley2013mcnp,
  title={Initial MCNP6 release overview-MCNP6 version 1.0},
  author={Goorley, John T and James, Michael R and Booth, Thomas E and Brown, F and Bull, J and Cox, Lawrence J and Durkee, J and Elson, J and Fensin, M and Forster, RA and others}
  year={2013},
  institution={LA-UR-13-22934}
}


